@article{canete2024multimodal,
  title={Sistema multimodal para la orientaci{\'o}n de robots m{\'o}viles hacia su interlocutor},
  author={Ca{\~n}ete, Antonio and Quemada-Torres, Eulogio and Ruiz-Sarmiento, Jos{\'e}-Ra{\'u}l and Moreno, Francisco {\'A}ngel and Gonzalez-Jimenez, Javier},
  journal={Jornadas de Autom{\'a}tica},
  number={45},
  year={2024}
}

@article{ogren2022behavior,
  title={Behavior trees in robot control systems},
  author={{\"O}gren, Petter and Sprague, Christopher I},
  journal={Annual Review of Control, Robotics, and Autonomous Systems},
  volume={5},
  number={1},
  pages={81--107},
  year={2022},
  publisher={Annual Reviews}
}

@article{iglesias2024town,
  title={The town crier: a use-case design and implementation for a socially assistive robot in retirement homes},
  author={Iglesias, Ana and Viciana, Raquel and P{\'e}rez-Lorenzo, Jos{\'e} Manuel and Ting, Karine Lan Hing and Tudela, Alberto and Marfil, Rebeca and Qbilat, Malak and Hurtado, Antonio and Jerez, Antonio and Bandera, Juan Pedro},
  journal={Robotics},
  volume={13},
  number={4},
  pages={61},
  year={2024},
  publisher={MDPI}
}

